<?xml version="1.0" encoding="UTF-8"?><collection xmlns="http://www.loc.gov/MARC21/slim"><record><leader>00322nam--2200109-i-4500</leader><controlfield tag="001">000039078</controlfield><controlfield tag="002">20161230</controlfield><controlfield tag="005">20161230201042</controlfield><controlfield tag="008">060222s1000------------r-----000-0-eng-d</controlfield><datafield ind1=" " ind2=" " tag="245"><subfield code="a">/rezonanta magentica a nivelelor excitate prin bombardament electgronic</subfield></datafield><datafield ind1=" " ind2=" " tag="260"><subfield code="a">/Washington, U.S.Aec/F.A., 30p.+ Fig.6,7,13-23</subfield></datafield><datafield ind1=" " ind2=" " tag="852"><subfield code="a">21532</subfield></datafield></record></collection>